%YAML 1.1
%TAG !u! tag:unity3d.com,2011:
--- !u!1001 &100100000
Prefab:
  m_ObjectHideFlags: 1
  serializedVersion: 2
  m_Modification:
    m_TransformParent: {fileID: 0}
    m_Modifications: []
    m_RemovedComponents: []
  m_SourcePrefab: {fileID: 0}
  m_RootGameObject: {fileID: 1894192300691682}
  m_IsPrefabAsset: 1
--- !u!1 &1894192300691682
GameObject:
  m_ObjectHideFlags: 0
  m_CorrespondingSourceObject: {fileID: 0}
  m_PrefabInternal: {fileID: 100100000}
  serializedVersion: 6
  m_Component:
  - component: {fileID: 4959632873340456}
  - component: {fileID: 212357460285325300}
  - component: {fileID: 114769416095026470}
  - component: {fileID: 114529806376558572}
  - component: {fileID: 114908612937811266}
  - component: {fileID: 60730746743274378}
  - component: {fileID: 50678957245502246}
  m_Layer: 0
  m_Name: Player (Flashlight)
  m_TagString: Player
  m_Icon: {fileID: 0}
  m_NavMeshLayer: 0
  m_StaticEditorFlags: 0
  m_IsActive: 1
--- !u!4 &4959632873340456
Transform:
  m_ObjectHideFlags: 1
  m_CorrespondingSourceObject: {fileID: 0}
  m_PrefabInternal: {fileID: 100100000}
  m_GameObject: {fileID: 1894192300691682}
  m_LocalRotation: {x: -0, y: -0, z: -0, w: 1}
  m_LocalPosition: {x: 1.8802694, y: -11.641631, z: 0.4609375}
  m_LocalScale: {x: 1, y: 1, z: 1}
  m_Children: []
  m_Father: {fileID: 0}
  m_RootOrder: 0
  m_LocalEulerAnglesHint: {x: 0, y: 0, z: 0}
--- !u!50 &50678957245502246
Rigidbody2D:
  serializedVersion: 4
  m_ObjectHideFlags: 1
  m_CorrespondingSourceObject: {fileID: 0}
  m_PrefabInternal: {fileID: 100100000}
  m_GameObject: {fileID: 1894192300691682}
  m_BodyType: 0
  m_Simulated: 1
  m_UseFullKinematicContacts: 0
  m_UseAutoMass: 0
  m_Mass: 1
  m_LinearDrag: 0
  m_AngularDrag: 0.05
  m_GravityScale: 0
  m_Material: {fileID: 0}
  m_Interpolate: 0
  m_SleepingMode: 1
  m_CollisionDetection: 0
  m_Constraints: 0
--- !u!60 &60730746743274378
PolygonCollider2D:
  m_ObjectHideFlags: 1
  m_CorrespondingSourceObject: {fileID: 0}
  m_PrefabInternal: {fileID: 100100000}
  m_GameObject: {fileID: 1894192300691682}
  m_Enabled: 1
  m_Density: 1
  m_Material: {fileID: 0}
  m_IsTrigger: 0
  m_UsedByEffector: 0
  m_UsedByComposite: 0
  m_Offset: {x: 0, y: 0}
  m_SpriteTilingProperty:
    border: {x: 0, y: 0, z: 0, w: 0}
    pivot: {x: 0.5, y: 0.5}
    oldSize: {x: 3.03, y: 2.23}
    newSize: {x: 3.03, y: 2.23}
    adaptiveTilingThreshold: 0.5
    drawMode: 0
    adaptiveTiling: 0
  m_AutoTiling: 0
  m_Points:
    m_Paths:
    - - {x: 0.035, y: -0.45499998}
      - {x: 0.13499999, y: -0.42499998}
      - {x: 0.355, y: -0.435}
      - {x: 0.53499997, y: -0.405}
      - {x: 0.805, y: -0.315}
      - {x: 1.0749999, y: -0.145}
      - {x: 1.225, y: -0.125}
      - {x: 1.3149999, y: -0.085}
      - {x: 1.4649999, y: -0.074999996}
      - {x: 1.505, y: -0.035}
      - {x: 1.505, y: 0.185}
      - {x: 1.4649999, y: 0.225}
      - {x: 1.3349999, y: 0.21499999}
      - {x: 1.055, y: 0.21499999}
      - {x: 1.015, y: 0.185}
      - {x: 0.905, y: 0.155}
      - {x: 0.625, y: 0.005}
      - {x: 0.505, y: 0.005}
      - {x: 0.275, y: 0.035}
      - {x: 0.145, y: 0.095}
      - {x: 0.16499999, y: 0.175}
      - {x: 0.114999995, y: 0.265}
      - {x: 0.035, y: 0.355}
      - {x: -0.074999996, y: 0.355}
      - {x: -0.305, y: 0.45499998}
      - {x: -0.155, y: 0.515}
      - {x: -0.085, y: 0.60499996}
      - {x: -0.145, y: 0.835}
      - {x: -0.225, y: 0.85499996}
      - {x: -0.515, y: 0.875}
      - {x: -0.84499997, y: 0.875}
      - {x: -0.91499996, y: 0.85499996}
      - {x: -1.045, y: 0.79499996}
      - {x: -1.145, y: 0.655}
      - {x: -1.165, y: 0.565}
      - {x: -1.165, y: 0.415}
      - {x: -1.105, y: 0.13499999}
      - {x: -1.025, y: 0.015}
      - {x: -1.0849999, y: 0.015}
      - {x: -1.125, y: -0.005}
      - {x: -1.165, y: -0.195}
      - {x: -1.165, y: -0.265}
      - {x: -1.055, y: -0.515}
      - {x: -0.92499995, y: -0.625}
      - {x: -0.755, y: -0.715}
      - {x: -0.625, y: -0.775}
      - {x: -0.49499997, y: -0.775}
      - {x: -0.385, y: -0.765}
      - {x: -0.265, y: -0.72499996}
      - {x: -0.13499999, y: -0.625}
      - {x: -0.074999996, y: -0.49499997}
--- !u!114 &114529806376558572
MonoBehaviour:
  m_ObjectHideFlags: 1
  m_CorrespondingSourceObject: {fileID: 0}
  m_PrefabInternal: {fileID: 100100000}
  m_GameObject: {fileID: 1894192300691682}
  m_Enabled: 1
  m_EditorHideFlags: 0
  m_Script: {fileID: 11500000, guid: 9fde97d02ccd2f246a57811104e732f7, type: 3}
  m_Name: 
  m_EditorClassIdentifier: 
  pawn: {fileID: 114908612937811266}
  lifeOne: {fileID: 0}
  lifeTwo: {fileID: 0}
  lifeThree: {fileID: 0}
  eggOne: {fileID: 0}
  eggTwo: {fileID: 0}
  eggThree: {fileID: 0}
  eggFour: {fileID: 0}
--- !u!114 &114769416095026470
MonoBehaviour:
  m_ObjectHideFlags: 1
  m_CorrespondingSourceObject: {fileID: 0}
  m_PrefabInternal: {fileID: 100100000}
  m_GameObject: {fileID: 1894192300691682}
  m_Enabled: 1
  m_EditorHideFlags: 0
  m_Script: {fileID: 11500000, guid: 50f7dcdf50f2f0f40aec611000b54355, type: 3}
  m_Name: 
  m_EditorClassIdentifier: 
  currentVolume: 0
  volumeDecay: 0.015
--- !u!114 &114908612937811266
MonoBehaviour:
  m_ObjectHideFlags: 1
  m_CorrespondingSourceObject: {fileID: 0}
  m_PrefabInternal: {fileID: 100100000}
  m_GameObject: {fileID: 1894192300691682}
  m_Enabled: 1
  m_EditorHideFlags: 0
  m_Script: {fileID: 11500000, guid: 02676b03a9dcd184ca1888f959f2be61, type: 3}
  m_Name: 
  m_EditorClassIdentifier: 
  tf: {fileID: 4959632873340456}
  homePos: {x: 0, y: 0, z: 0}
  moveSpeed: 7
  turnSpeed: 100
  sprite: {fileID: 21300000, guid: a191d3e84d75a1e46b016d0aa3e91d76, type: 3}
  noise: {fileID: 114769416095026470}
  moveNoise: 5
  turnNoise: 5
--- !u!212 &212357460285325300
SpriteRenderer:
  m_ObjectHideFlags: 1
  m_CorrespondingSourceObject: {fileID: 0}
  m_PrefabInternal: {fileID: 100100000}
  m_GameObject: {fileID: 1894192300691682}
  m_Enabled: 1
  m_CastShadows: 0
  m_ReceiveShadows: 0
  m_DynamicOccludee: 1
  m_MotionVectors: 1
  m_LightProbeUsage: 1
  m_ReflectionProbeUsage: 1
  m_RenderingLayerMask: 4294967295
  m_Materials:
  - {fileID: 10754, guid: 0000000000000000f000000000000000, type: 0}
  m_StaticBatchInfo:
    firstSubMesh: 0
    subMeshCount: 0
  m_StaticBatchRoot: {fileID: 0}
  m_ProbeAnchor: {fileID: 0}
  m_LightProbeVolumeOverride: {fileID: 0}
  m_ScaleInLightmap: 1
  m_PreserveUVs: 0
  m_IgnoreNormalsForChartDetection: 0
  m_ImportantGI: 0
  m_StitchLightmapSeams: 0
  m_SelectedEditorRenderState: 0
  m_MinimumChartSize: 4
  m_AutoUVMaxDistance: 0.5
  m_AutoUVMaxAngle: 89
  m_LightmapParameters: {fileID: 0}
  m_SortingLayerID: -1249202677
  m_SortingLayer: 3
  m_SortingOrder: 0
  m_Sprite: {fileID: 21300000, guid: a191d3e84d75a1e46b016d0aa3e91d76, type: 3}
  m_Color: {r: 1, g: 1, b: 1, a: 1}
  m_FlipX: 0
  m_FlipY: 0
  m_DrawMode: 0
  m_Size: {x: 3.03, y: 2.23}
  m_AdaptiveModeThreshold: 0.5
  m_SpriteTileMode: 0
  m_WasSpriteAssigned: 1
  m_MaskInteraction: 0
  m_SpriteSortPoint: 0
